<record xmlns="http://www.loc.gov/MARC21/slim" xmlns:xsi="http://www.w3.org/2001/XMLSchema-instance" xsi:schemaLocation="http://www.loc.gov/MARC21/slim http://www.loc.gov/standards/marcxml/schema/MARC21slim.xsd"><leader>01987nam a2200385   4500</leader><controlfield tag="001">001677178</controlfield><controlfield tag="003">NNU</controlfield><controlfield tag="006">m        d        </controlfield><controlfield tag="007">cr cn |||m|||a</controlfield><controlfield tag="008">150116m18861888ua      o     000 0 ara d</controlfield><datafield ind1=" " ind2=" " tag="020"><subfield code="z">0524083045 (microfiche)</subfield></datafield><datafield ind1=" " ind2=" " tag="040"><subfield code="a">NNU</subfield><subfield code="b">eng</subfield><subfield code="c">NNU</subfield></datafield><datafield ind1=" " ind2="4" tag="050"><subfield code="a">BP135.A128</subfield><subfield code="b">Q3</subfield></datafield><datafield ind1="1" ind2=" " tag="100"><subfield code="a">Qas&#7789;all&#257;n&#299;, A&#7717;mad ibn Mu&#7717;ammad,</subfield><subfield code="d">1447 or 8-1517 or 18.</subfield></datafield><datafield ind1="1" ind2="0" tag="240"><subfield code="a">Irsh&#257;d al-s&#257;r&#299;</subfield></datafield><datafield ind1="1" ind2="0" tag="245"><subfield code="a">Irsh&#257;d al-s&#257;r&#299; fi-shar&#7717; &#7778;a&#7717;&#299;&#7717; al-Bukh&#257;r&#299;</subfield><subfield code="h">[electronic resource] /</subfield><subfield code="c">ta&#700;l&#299;f Ab&#299; al-&#699;Abb&#257;s Shih&#257;b al-D&#299;n A&#7717;mad ibn Mu&#7717;ammad al-Qastall&#257;n&#299;. Wa-bi-h&#257;mishihi &#7778;a&#7717;&#299;&#7717; Muslim bi-Shur&#363;&#7717; al-Nawaw&#299;</subfield></datafield><datafield ind1=" " ind2=" " tag="250"><subfield code="a">&#7788;ab&#699;ah jad&#299;dah bil-ufset.</subfield></datafield><datafield ind1=" " ind2=" " tag="260"><subfield code="a">al-Q&#257;hirah :</subfield><subfield code="b">al-Ma&#7789;ba&#699;ah al-Am&#299;r&#299;yah,</subfield><subfield code="c">1886-1888.</subfield></datafield><datafield ind1=" " ind2=" " tag="300"><subfield code="a">online resource (10 v.)</subfield></datafield><datafield ind1=" " ind2=" " tag="500"><subfield code="a">Includes text of &#7778;a&#7717;&#299;&#7717; al-Bukh&#257;r&#299;.</subfield></datafield><datafield ind1=" " ind2=" " tag="500"><subfield code="a">Part of the Arabic Collections Online (ACO) project, contributed by New York Univeristy Libraries.</subfield></datafield><datafield ind1=" " ind2=" " tag="533"><subfield code="a">Electronic reproduction.</subfield><subfield code="b">New York, N.Y. :</subfield><subfield code="c">New York University,</subfield><subfield code="d">2015.</subfield><subfield code="5">NNU</subfield></datafield><datafield ind1=" " ind2="0" tag="650"><subfield code="a">Hadith</subfield><subfield code="x">Criticism, interpretation, etc.</subfield></datafield><datafield ind1="1" ind2="2" tag="700"><subfield code="a">Bukh&#257;r&#299;, Mu&#7717;ammad ibn Ism&#257;&#699;&#299;l,</subfield><subfield code="d">810-870.</subfield><subfield code="t">J&#257;mi&#699; al-&#7779;a&#7717;&#299;&#7717;.</subfield><subfield code="f">1886.</subfield></datafield><datafield ind1="0" ind2="2" tag="700"><subfield code="a">Muslim ibn al-&#7716;ajj&#257;j al-Qushayr&#299;,</subfield><subfield code="d">ca. 821-875.</subfield><subfield code="t">J&#257;mi&#699; al-&#7779;a&#7717;&#299;&#7717;.</subfield><subfield code="f">1886.</subfield></datafield><datafield ind1="0" ind2="2" tag="700"><subfield code="a">Nawaw&#299;,</subfield><subfield code="d">1233-1277.</subfield><subfield code="t">Shar&#7717; &#7778;a&#7717;&#299;&#7717; Muslim.</subfield><subfield code="f">1886.</subfield></datafield><datafield ind1="2" ind2=" " tag="710"><subfield code="a">New York University.</subfield><subfield code="b">Libraries.</subfield></datafield><datafield ind1="0" ind2=" " tag="730"><subfield code="a">Arabic Collections Online.</subfield></datafield><datafield ind1="0" ind2="2" tag="740"><subfield code="a">J&#257;mi&#699; al-&#7779;a&#7717;&#299;&#7717;.</subfield></datafield><datafield ind1="0" ind2="2" tag="740"><subfield code="a">Shar&#7717; &#7778;a&#7717;&#299;&#7717; Muslim.</subfield></datafield><datafield ind1="0" ind2="8" tag="776"><subfield code="i">Print version:</subfield><subfield code="a">Qas&#7789;all&#257;n&#299;, A&#7717;mad ibn Mu&#7717;ammad, 1447 or 8-1517 or 18.</subfield><subfield code="t">Irsh&#257;d al-s&#257;r&#299; fi-shar&#7717; &#7778;a&#7717;&#299;&#7717; al-Bukh&#257;r&#299;</subfield><subfield code="w">(NNU)001677178</subfield><subfield code="z">0524083045 (microfiche)</subfield></datafield><datafield ind1=" " ind2="0" tag="830"><subfield code="a">ATLA monograph preservation program ;</subfield><subfield code="v">ATLA fiche 1993-4009.</subfield></datafield><datafield ind1="4" ind2="0" tag="856"><subfield code="u">http://hdl.handle.net/2333.1/4qrfj8zt</subfield></datafield><datafield ind1=" " ind2=" " tag="959"><subfield code="a">NNU</subfield><subfield code="b">WEB</subfield><subfield code="c">GENI</subfield><subfield code="t">0</subfield><subfield code="m">Electronic access</subfield><subfield code="s">01</subfield></datafield><datafield ind1=" " ind2=" " tag="999"><subfield code="i">NNU_001677178</subfield><subfield code="o" /><subfield code="e">(ERROR-880)</subfield></datafield></record>